<record><leader>00000cas a22000007a 4500</leader><controlfield tag="001">42730719</controlfield><controlfield tag="008">991029d189u189usduwr ne      0    0eng d</controlfield><datafield ind1=" " ind2=" " tag="010"><subfield code="a">sn 99062025 </subfield></datafield><datafield ind1=" " ind2=" " tag="040"><subfield code="a">SXN</subfield><subfield code="b">eng</subfield><subfield code="c">SXN</subfield><subfield code="d">OCLCQ</subfield><subfield code="d">OCLCF</subfield><subfield code="d">OCLCO</subfield></datafield><datafield ind1=" " ind2=" " tag="042"><subfield code="a">msc</subfield></datafield><datafield ind1=" " ind2=" " tag="043"><subfield code="a">n-us-sd</subfield></datafield><datafield ind1="0" ind2="4" tag="245"><subfield code="a">The Redfield observer.</subfield></datafield><datafield ind1=" " ind2=" " tag="260"><subfield code="a">Redfield S.D. :</subfield><subfield code="b">Samuel Burleigh Milton</subfield></datafield><datafield ind1=" " ind2=" " tag="300"><subfield code="a">v.</subfield></datafield><datafield ind1=" " ind2=" " tag="310"><subfield code="a">Weekly</subfield></datafield><datafield ind1=" " ind2=" " tag="530"><subfield code="a">Available on microfilm from: State Archives, South Dakota State Historical Society.</subfield></datafield><datafield ind1=" " ind2=" " tag="580"><subfield code="a">Formed by the union of: The Redfield journal, and: The observer.</subfield></datafield><datafield ind1=" " ind2=" " tag="580"><subfield code="a">Continued by: Redfield journal observer.</subfield></datafield><datafield ind1=" " ind2=" " tag="588"><subfield code="a">Description based on: Vol. 4, no. 1 (July 23, 1891).</subfield></datafield><datafield ind1=" " ind2="0" tag="651"><subfield code="a">Redfield (S.D.)</subfield><subfield code="v">Newspapers.</subfield></datafield><datafield ind1=" " ind2="0" tag="651"><subfield code="a">Spink County (S.D.)</subfield><subfield code="v">Newspapers.</subfield></datafield><datafield ind1=" " ind2="7" tag="655"><subfield code="a">Newspapers.</subfield><subfield code="2">fast</subfield><subfield code="0">(OCoLC)fst01423814</subfield></datafield><datafield ind1=" " ind2="7" tag="651"><subfield code="a">South Dakota</subfield><subfield code="z">Redfield.</subfield><subfield code="2">fast</subfield><subfield code="0">(OCoLC)fst01227959</subfield></datafield><datafield ind1=" " ind2="7" tag="651"><subfield code="a">South Dakota</subfield><subfield code="z">Spink County.</subfield><subfield code="2">fast</subfield><subfield code="0">(OCoLC)fst01215590</subfield></datafield><datafield ind1=" " ind2=" " tag="752"><subfield code="a">United States</subfield><subfield code="b">South Dakota</subfield><subfield code="c">Spink</subfield><subfield code="d">Redfield.</subfield></datafield><datafield ind1="1" ind2="4" tag="780"><subfield code="a">The Redfield journal</subfield><subfield code="w">(DLC)sn 85042721</subfield></datafield><datafield ind1="1" ind2="4" tag="780"><subfield code="a">The observer</subfield><subfield code="w">(DLC)sn 99062024</subfield></datafield><datafield ind1="1" ind2="0" tag="785"><subfield code="a">Redfield journal observer</subfield><subfield code="w">(DLC)sn 99062026</subfield></datafield></record>